@misc{website:wiki-mathematica,
      author = "Wikipedia org.",
      title = "Mathematica",
      month = "November",
      year = "2014",
	  note   = "\url{http://en.wikipedia.org/wiki/Mathematica}"
}
